@inproceedings{DBLP:conf/icml/CollobertW08,
	author    = {Ronan Collobert and
	Jason Weston},
	title     = {A unified architecture for natural language processing: deep neural
	networks with multitask learning},
	booktitle = {Machine Learning, Proceedings of the Twenty-Fifth International Conference
	{(ICML} 2008), Helsinki, Finland, June 5-9, 2008},
	pages     = {160--167},
	year      = {2008},
	url       = {http://doi.acm.org/10.1145/1390156.1390177},
	doi       = {10.1145/1390156.1390177},
}
@article{DBLP:journals/corr/abs-1810-04805,
	author    = {Jacob Devlin and
	Ming{-}Wei Chang and
	Kenton Lee and
	Kristina Toutanova},
	title     = {{BERT:} Pre-training of Deep Bidirectional Transformers for Language
	Understanding},
	journal   = {CoRR},
	volume    = {abs/1810.04805},
	year      = {2018},
	url       = {http://arxiv.org/abs/1810.04805},
	archivePrefix = {arXiv},
	eprint    = {1810.04805},
	timestamp = {Tue, 30 Oct 2018 20:39:56 +0100},
	biburl    = {https://dblp.org/rec/bib/journals/corr/abs-1810-04805},
	bibsource = {dblp computer science bibliography, https://dblp.org}
}
@article{DBLP:journals/corr/SeoKFH16,
	author    = {Min Joon Seo and
	Aniruddha Kembhavi and
	Ali Farhadi and
	Hannaneh Hajishirzi},
	title     = {Bidirectional Attention Flow for Machine Comprehension},
	journal   = {CoRR},
	volume    = {abs/1611.01603},
	year      = {2016},
	url       = {http://arxiv.org/abs/1611.01603},
	archivePrefix = {arXiv},
	eprint    = {1611.01603},
	timestamp = {Mon, 13 Aug 2018 16:46:34 +0200},
	biburl    = {https://dblp.org/rec/bib/journals/corr/SeoKFH16},
	bibsource = {dblp computer science bibliography, https://dblp.org}
}